@Comment А вот так оформляется библиография при помощи BibTeX.

@InBook{inbook:bigenc,
    author = {Г. А. Тирский},
    title = {Большая российская энциклопедия. Том 21},
    chapter = {Навье-Стокса уравнения},
    publisher = {Большая российская энциклопедия},
    year = {2012},
    language = "russian"
}

@Article{article:asvo,
    author = {Dennis Bautembach},
    title  = {Animated Sparse Voxel Octrees},
    year = {2011},
    journal = {UNIVERSITY OF HAMBURG Department of Informatics},
    language = "english"
}

@Article{article:voxelengine,
    author = {Johanne Zadick and Benjamin Kenwright and Kenny Mitchell},
    title = {Integrating Real-Time Fluid Simulation with a Voxel Engine},
    journal = {The Computer Games Journal},
    year = {2016},
    language = "english"
}

@Book{book:premoze,
  author =		 {Premoze, S. and Ashikhmin, M.},
  title = 		 {Rendering Natural Waters},
  publisher = 	 {Hong Kong},
  pages = {22-30},
  year = 		 {2000},
  language =     "english"
}

@Book{book:physical,
    author = {Robert W. Brown and Y.-C. Norman Cheng and E. Mark Haacke
    and Michael R.Thompson and Ramesh Venkasetan},
    title = {Magnetic Resonance Imaging: Physical Principles and Sequence Design},
    publisher = {John Wiley Sons},
    year = {2014},
    pages = {976},
    language = "english"
}


@online{site:gamedev,
  author = {Yann Lombard},
  title = {Realistic Natural Effect Rendering: Water I},
  year = {2004},
  url = {https://www.gamedev.net/articles/programming/graphics/realistic-natural-effect-rendering-water-i-r2138/},
  language =     "english"
}

@mastersthesis{book:ash,
    author = {Michael Ash},
    title = {Simulation and Visualization of a 3D Fluid},
    year = {2005},
    school = {Universit\'e d'Orl\'eans},
    language = "english"
}

@online{site:bolzman,
    author = {Г. Я. Мякишев},
    title = {Кинетическое уравнение Больцмана},
    url = {https://www.booksite.ru/fulltext/1/001/008/061/212.htm},
    language = "russian"
}

@online{site:habr-physics,
    author = {Василий Баранов},
    title = {Моделирование гидродинамики: Lattice Boltzmann Method},
    url = {https://habr.com/ru/post/190552/},
    year = {2013},
    language = "russian"
}

@book{book:compmath,
    author = {В. С. Асламова and A. Г. Колмогоров and Н. Н. Сумарокова},
    title = {Вычислительная математика. Часть вторая: Учебное пособие для студентов
    дневного и заочного обучения технических и химико-технологических специальностей},
    publisher = {Ангарская государственная техническая академия},
    year = {2005},
    pages = {94},
    language = "russian"
}

@online{site:astro,
    author = {Matthew R. Bate and Ian A. Bonnell and Volker Bromm},
    title = {The Formation of Stars and Brown Dwarfs and the Truncation of Protoplanetary Discs in a Star Cluster},
    url = {https://www.ukaff.ac.uk/starcluster/},
    year = {2002},
    language = "english"
}
