@Comment А вот так оформляется библиография при помощи BibTeX.

@InBook{inbook:bigenc,
    author = {Г. А. Тирский},
    title = {Большая российская энциклопедия. Том 21},
    chapter = {Навье-Стокса уравнения},
    publisher = {Большая российская энциклопедия},
    year = {2012},
    language = "russian"
}

@Article{article:asvo,
    author = {Dennis Bautembach},
    title  = {Animated Sparse Voxel Octrees},
    year = {2011},
    journal = {UNIVERSITY OF HAMBURG Department of Informatics},
    language = "english"
}

@Article{article:voxelengine,
    author = {Johanne Zadick and Benjamin Kenwright and Kenny Mitchell},
    title = {Integrating Real-Time Fluid Simulation with a Voxel Engine},
    journal = {The Computer Games Journal},
    year = {2016},
    language = "english"
}

@Book{book:premoze,
  author =		 {Premoze, S. and Ashikhmin, M.},
  title = 		 {Rendering Natural Waters},
  publisher = 	 {Hong Kong},
  pages = {22-30},
  year = 		 {2000},
  language =     "english"
}

@Book{book:physical,
    author = {Robert W. Brown and Y.-C. Norman Cheng and E. Mark Haacke
    and Michael R.Thompson and Ramesh Venkasetan},
    title = {Magnetic Resonance Imaging: Physical Principles and Sequence Design},
    publisher = {John Wiley Sons},
    year = {2014},
    pages = {976},
    language = "english"
}

@Book{book:swing,
    author = {Luke VanderHart and Ryan Neufeld},
    title = {Clojure Cookbook: Recipes for Functional Programming},
    year = {2014},
    publisher = {O'Reilly Media, Inc.},
    language = "english"
}

@online{site:gamedev,
  author = {Yann Lombard},
  title = {Realistic Natural Effect Rendering: Water I},
  year = {2004},
  url = {https://www.gamedev.net/articles/programming/graphics/realistic-natural-effect-rendering-water-i-r2138/},
  language =     "english"
}

@mastersthesis{book:ash,
    author = {Michael Ash},
    title = {Simulation and Visualization of a 3D Fluid},
    year = {2005},
    school = {Universit\'e d'Orl\'eans},
    language = "english"
}

@online{site:bolzman,
    author = {Г. Я. Мякишев},
    title = {Кинетическое уравнение Больцмана},
    url = {https://www.booksite.ru/fulltext/1/001/008/061/212.htm},
    language = "russian"
}

@online{site:habr-physics,
    author = {Василий Баранов},
    title = {Моделирование гидродинамики: Lattice Boltzmann Method},
    url = {https://habr.com/ru/post/190552/},
    year = {2013},
    language = "russian"
}

@book{book:compmath,
    author = {В. С. Асламова and A. Г. Колмогоров and Н. Н. Сумарокова},
    title = {Вычислительная математика. Часть вторая: Учебное пособие для студентов
    дневного и заочного обучения технических и химико-технологических специальностей},
    publisher = {Ангарская государственная техническая академия},
    year = {2005},
    pages = {94},
    language = "russian"
}

@online{site:astro,
    author = {Matthew R. Bate and Ian A. Bonnell and Volker Bromm},
    title = {The Formation of Stars and Brown Dwarfs and the Truncation of Protoplanetary Discs in a Star Cluster},
    url = {https://www.ukaff.ac.uk/starcluster/},
    year = {2002},
    language = "english"
}

@article{article:fastvolume,
    author = {Philippe Lacroute and Marc Levoy},
    title  = {Fast Volume Rendering Using a Shear-Warp Factorization of Viewing Transformation},
    year = {1994},
    journal = {Computer Graphics Proceedings, Annual Conference Series},
    language = "english"
}

@online{site:marchingcubes,
    author = {Ben Anderson},
    title  = {An Implementation of the Marching Cubes Algorithm},
    year = {2005},
    url = {http://www.cs.carleton.edu/cs_comps/0405/shape/marching_cubes.html},
    language = "english"
}

@online{site:clojure,
    author = {Rich Hickey},
    title = {The Clojure Programming Language},
    url = {https://clojure.org/},
    language = "english"
}

@online{site:repl,
    author = {Rich Hickey},
    title = {Programming at the REPL: Introduction},
    url = {https://clojure.org/guides/repl/introduction},
    language = "english"
}

@online{site:lein,
    author = {Phil Hagelberg},
    title = {Leiningen},
    url = {https://leiningen.org/},
    language = "english"
}
